<record xmlns="http://www.loc.gov/MARC21/slim">
    <leader>04891ctm a2200589Ki 4500</leader>
    <controlfield tag="001">99900477831701852</controlfield>
    <controlfield tag="005">20200308062213.2</controlfield>
    <controlfield tag="008">180301s1440 it 000 0 lat d</controlfield>
    <datafield ind1=" " ind2=" " tag="035">
        <subfield code="a">(OCoLC)1026484691</subfield>
    </datafield>
    <datafield ind1=" " ind2=" " tag="035">
        <subfield code="a">(OCoLC)on1026484691</subfield>
    </datafield>
    <datafield ind1=" " ind2=" " tag="035">
        <subfield code="a">(EXLNZ-01ALLIANCE_NETWORK)99324887610801451</subfield>
    </datafield>
    <datafield ind1=" " ind2=" " tag="040">
        <subfield code="a">ORU</subfield>
        <subfield code="b">eng</subfield>
        <subfield code="e">rda</subfield>
        <subfield code="c">ORU</subfield>
        <subfield code="d">OCLCQ</subfield>
        <subfield code="d">ORU</subfield>
        <subfield code="d">OCLCF</subfield>
    </datafield>
    <datafield ind1=" " ind2=" " tag="041">
        <subfield code="a">lat</subfield>
    </datafield>
    <datafield ind1=" " ind2=" " tag="049">
        <subfield code="a">MAIN</subfield>
    </datafield>
    <datafield ind1="0" ind2="0" tag="245">
        <subfield code="a">Tractatus de militia ;</subfield>
        <subfield code="b">Epitome of Roman History ; Epistle by Plutarch ; Excerpts from Titus
            Livius ; Excerpts from Flavius Josephus.</subfield>
    </datafield>
    <datafield ind1=" " ind2="0" tag="264">
        <subfield code="a">Florence?</subfield>
        <subfield code="c">approximately 1440.</subfield>
    </datafield>
    <datafield ind1=" " ind2=" " tag="300">
        <subfield code="a">200 leaves :</subfield>
        <subfield code="b">paper ;</subfield>
        <subfield code="c">205 x 282 mm bound to 207 x 283 mm.</subfield>
    </datafield>
    <datafield ind1=" " ind2=" " tag="336">
        <subfield code="a">text</subfield>
        <subfield code="b">txt</subfield>
        <subfield code="2">rdacontent</subfield>
    </datafield>
    <datafield ind1=" " ind2=" " tag="337">
        <subfield code="a">unmediated</subfield>
        <subfield code="b">n</subfield>
        <subfield code="2">rdamedia</subfield>
    </datafield>
    <datafield ind1=" " ind2=" " tag="338">
        <subfield code="a">volume</subfield>
        <subfield code="b">nc</subfield>
        <subfield code="2">rdacarrier</subfield>
    </datafield>
    <datafield ind1=" " ind2=" " tag="561">
        <subfield code="a">1. On inside front cover, unsigned bookplate with lion and dolphin. 2.
            Bookplate with aster design and motto &quot;inter asteres, inter astra, Edward Sandford
            Burgess&quot; on verso of first flyleaf.</subfield>
    </datafield>
    <datafield ind1=" " ind2=" " tag="583">
        <subfield code="a">Item cataloged from existing description by C. Pierce and J. Fox, and in
            hand by Erika Milo and Ian Scott, July/August 2018.</subfield>
    </datafield>
    <datafield ind1=" " ind2=" " tag="540">
        <subfield code="a">All requests for permission to quote or publish from manuscripts must be
            submitted in writing to the Head of Special Collections &amp; University
            Archives.</subfield>
    </datafield>
    <datafield ind1="1" ind2=" " tag="541">
        <subfield code="c">Donation/Purchase ;</subfield>
        <subfield code="a">Julia Burgess,</subfield>
        <subfield code="d">1935-1942.</subfield>
    </datafield>
    <datafield ind1=" " ind2=" " tag="520">
        <subfield code="a">Tractatus de militia, Leonardo Bruni (Leonardus Brunus Aretinus); Epitome
            of Roman History, Lucius Annaeus Florus; Epistle, Plutarch; Excerpts, Titus Livius;
            Excerpts, Flavius Josephus. &quot;A characteristic humanistic MS., containing material
            of patriotic and philosophic content.&quot; Leonardo Bruni Aretino was an eminent
            classical historian, Chancellor of Florence, under whose direction the book was probably
            prepared.</subfield>
    </datafield>
    <datafield ind1=" " ind2=" " tag="500">
        <subfield code="a">Manuscript codex.</subfield>
    </datafield>
    <datafield ind1=" " ind2=" " tag="500">
        <subfield code="a">Title devised by cataloger.</subfield>
    </datafield>
    <datafield ind1=" " ind2=" " tag="500">
        <subfield code="a">Collation: In quires of 10. Catchwords in middle lower margin, no
            signatures. Marginal headings. Folio numbers.</subfield>
    </datafield>
    <datafield ind1=" " ind2=" " tag="500">
        <subfield code="a">Origin: Probably Florence, Italy.</subfield>
    </datafield>
    <datafield ind1=" " ind2=" " tag="500">
        <subfield code="a">Layout: Single column, 39 lines per page.</subfield>
    </datafield>
    <datafield ind1=" " ind2=" " tag="500">
        <subfield code="a">Script: Gothic minuscule in brown ink.</subfield>
    </datafield>
    <datafield ind1=" " ind2=" " tag="500">
        <subfield code="a">Decoration: Decorative blue and red paragraph marks, some large initials
            in blue or red. Headings rubricated throughout.</subfield>
    </datafield>
    <datafield ind1=" " ind2=" " tag="500">
        <subfield code="a">Binding: 18th century parchment binding, rounded spine, head and tail
            bands of green and white thread. Lined with 18th c. Italian figured art paper: foliage
            designs printed in brown and red on a background of small brown dots. Edges stained
            brown. 9 blank leaves besides endpapers in front and 10 leaves of index, at end 11 blank
            leaves and endpapers; flyleaves have a tri-lobed watermark at center Title written in
            brown ink on spine.</subfield>
    </datafield>
    <datafield ind1=" " ind2=" " tag="500">
        <subfield code="a">Shelfmark: Eugene, OR, Special Collections and University Archives,
            University of Oregon, MS 036.</subfield>
    </datafield>
    <datafield ind1=" " ind2=" " tag="546">
        <subfield code="a">In Latin.</subfield>
    </datafield>
    <datafield ind1="0" ind2=" " tag="505">
        <subfield code="a">I. Page 1r-10v table of contents. First line: &quot;Leonardi Aretini de
            Militia...&quot;. II. &quot;Lucius Florus et liber primus,&quot; f. 11-19; secundus, f.
            19-37v; tertius, f. 37v-43v; quartus, f. 43-54. On folio 54r, with date 1440:
            &quot;Lucii annei flori quartus et ultimus explicit Anno dm M CCCC XXXX die xxviiii
            jullij.&quot; III. &quot;Explete plutharca phi congratularia troiana discipulo suo ad
            Imperium Sublimatto. PLuTARCUS TRcIANUS SALUTEM.&quot; Then epistle from Plutarch to
            Trajan. IV. Excerpts from Livy, largely patriotic orations, ff. 55-169. V. &quot;Liber
            primus. ff. 171-200.&quot; Excerpts from Josephus: orations commending the humanity of
            Caesar, and exhorting to confidence in the Romans; also treating &quot;de
            immoralitate,&quot; &quot;Non est timenda mors&quot;. &quot;Fidei no[n] est
            speranda&quot; appears unfinished.</subfield>
    </datafield>
    <datafield ind1=" " ind2=" " tag="506">
        <subfield code="a">RESTRICTED ORIGINAL. USE DIGITAL COPY ONLY:</subfield>
        <subfield code="b">Use of original only by permission of the rare books curator. Inquiries
            concerning this item should be directed, in writing, to the Public Services Librarian,
            Special Collections Department, UO Libraries, or electronically:</subfield>
        <subfield code="u"
            >https://library.uoregon.edu/special-collections/research-assistance.</subfield>
    </datafield>
    <datafield ind1=" " ind2="0" tag="650">
        <subfield code="a">Manuscripts, Medieval</subfield>
        <subfield code="z">Oregon</subfield>
        <subfield code="z">Eugene.</subfield>
    </datafield>
    <datafield ind1=" " ind2="7" tag="650">
        <subfield code="a">Manuscripts, Medieval.</subfield>
        <subfield code="2">fast</subfield>
        <subfield code="0">(OCoLC)fst01008422</subfield>
    </datafield>
    <datafield ind1=" " ind2="7" tag="651">
        <subfield code="a">Oregon</subfield>
        <subfield code="z">Eugene.</subfield>
        <subfield code="2">fast</subfield>
        <subfield code="0">(OCoLC)fst01205922</subfield>
    </datafield>
    <datafield ind1=" " ind2="0" tag="655">
        <subfield code="a">Manuscripts, Latin (medieval and modern).</subfield>
    </datafield>
    <datafield ind1="2" ind2=" " tag="710">
        <subfield code="a">University of Oregon.</subfield>
        <subfield code="b">Libraries.</subfield>
        <subfield code="b">Special Collections &amp; University Archives.</subfield>
        <subfield code="k">Manuscript.</subfield>
        <subfield code="n">MS 036.</subfield>
    </datafield>
    <datafield ind1="1" ind2=" " tag="700">
        <subfield code="a">Bruni, Leonardo,</subfield>
        <subfield code="d">1369-1444,</subfield>
        <subfield code="e">author.</subfield>
    </datafield>
    <datafield ind1="1" ind2="2" tag="700">
        <subfield code="a">Florus, Lucius Annaeus.</subfield>
        <subfield code="t">Epitome rerum Romanarum.</subfield>
    </datafield>
    <datafield ind1="0" ind2=" " tag="700">
        <subfield code="a">Plutarch,</subfield>
        <subfield code="e">author.</subfield>
    </datafield>
    <datafield ind1="0" ind2=" " tag="700">
        <subfield code="a">Livy,</subfield>
        <subfield code="e">author.</subfield>
    </datafield>
    <datafield ind1="1" ind2=" " tag="700">
        <subfield code="a">Josephus, Flavius,</subfield>
        <subfield code="e">author.</subfield>
    </datafield>
    <datafield ind1="1" ind2=" " tag="700">
        <subfield code="a">Burgess, Edward Sandford,</subfield>
        <subfield code="d">1855-1928,</subfield>
        <subfield code="e">former owner.</subfield>
    </datafield>
    <datafield ind1="1" ind2=" " tag="700">
        <subfield code="a">Burgess, Julia,</subfield>
        <subfield code="e">former owner.</subfield>
    </datafield>
    <datafield ind1=" " ind2=" " tag="851">
        <subfield code="a">Special Collections and University Archives,</subfield>
        <subfield code="c">University of Oregon, Eugene, OR 97403.</subfield>
    </datafield>
    <datafield ind1="8" ind2=" " tag="852">
        <subfield code="8">22329397340001852</subfield>
        <subfield code="b">SpecColl</subfield>
        <subfield code="c">spvault</subfield>
        <subfield code="h">MS 036</subfield>
    </datafield>
    <datafield ind1=" " ind2=" " tag="994">
        <subfield code="a">92</subfield>
        <subfield code="b">OCACL</subfield>
    </datafield>
</record>
